%YAML 1.1
%TAG !u! tag:unity3d.com,2011:
--- !u!1 &130994
GameObject:
  m_ObjectHideFlags: 0
  m_PrefabParentObject: {fileID: 0}
  m_PrefabInternal: {fileID: 100100000}
  serializedVersion: 4
  m_Component:
  - 4: {fileID: 499920}
  - 114: {fileID: 11447012}
  - 114: {fileID: 11481220}
  m_Layer: 9
  m_Name: Repeater
  m_TagString: Untagged
  m_Icon: {fileID: 0}
  m_NavMeshLayer: 0
  m_StaticEditorFlags: 0
  m_IsActive: 1
--- !u!4 &499920
Transform:
  m_ObjectHideFlags: 1
  m_PrefabParentObject: {fileID: 0}
  m_PrefabInternal: {fileID: 100100000}
  m_GameObject: {fileID: 130994}
  m_LocalRotation: {x: 0, y: 0, z: 0, w: 1}
  m_LocalPosition: {x: 3.04, y: 2.22, z: 0}
  m_LocalScale: {x: 1, y: 1, z: 1}
  m_Children: []
  m_Father: {fileID: 0}
  m_RootOrder: 0
--- !u!114 &11447012
MonoBehaviour:
  m_ObjectHideFlags: 1
  m_PrefabParentObject: {fileID: 0}
  m_PrefabInternal: {fileID: 100100000}
  m_GameObject: {fileID: 130994}
  m_Enabled: 1
  m_EditorHideFlags: 0
  m_Script: {fileID: 11500000, guid: dc36fe56324b97f409fc5b6969e77cde, type: 3}
  m_Name: 
  m_EditorClassIdentifier: 
  type: 0
  Tier: 4
  ModuleName: Repeater
  Description: 
  Icon: {fileID: 0}
  TechTree: 
  ProjectilePrefab: {fileID: 11443014, guid: feeea2a941fb9b84b8af72fc4760217d, type: 2}
  SpawnPoint: {fileID: 499920}
  fireSound: {fileID: 8300000, guid: 8ec2328ebfe133d428b92ad1c7161bbc, type: 3}
  EnergyCost: 1
  rof: 1
  aoe: 0
  Damage: 3
  Speed: 25
  Volleys: 1
  ShotsPerVolley: 1
  ShotDelay: 0
  VolleyDelay: 0
  ReloadDelay: 0.1
  ProjectileLifespan: 2
  SplitShot: 0
  SplitOffset: 0.25
  SpawnOffset: 0.25
--- !u!114 &11481220
MonoBehaviour:
  m_ObjectHideFlags: 1
  m_PrefabParentObject: {fileID: 0}
  m_PrefabInternal: {fileID: 100100000}
  m_GameObject: {fileID: 130994}
  m_Enabled: 1
  m_EditorHideFlags: 0
  m_Script: {fileID: 11500000, guid: 9348cf910bedfee45b7391bb6e72809b, type: 3}
  m_Name: 
  m_EditorClassIdentifier: 
  type: 0
  Tier: 0
  ModuleName: 
  Description: 
  Icon: {fileID: 0}
  TechTree: 
  maxSpeed: 200
  acceleration: 1000
  rotateWhileButtonDown: 0
--- !u!1001 &100100000
Prefab:
  m_ObjectHideFlags: 1
  serializedVersion: 2
  m_Modification:
    m_TransformParent: {fileID: 0}
    m_Modifications:
    - target: {fileID: 0}
      propertyPath: SpawnPoint
      value: 
      objectReference: {fileID: 499920}
    - target: {fileID: 0}
      propertyPath: Bullet
      value: 
      objectReference: {fileID: 11443014, guid: feeea2a941fb9b84b8af72fc4760217d,
        type: 2}
    - target: {fileID: 0}
      propertyPath: ProjectilePrefab
      value: 
      objectReference: {fileID: 11443014, guid: feeea2a941fb9b84b8af72fc4760217d,
        type: 2}
    - target: {fileID: 0}
      propertyPath: ShotDelay
      value: 0
      objectReference: {fileID: 0}
    - target: {fileID: 0}
      propertyPath: m_Layer
      value: 9
      objectReference: {fileID: 0}
    - target: {fileID: 0}
      propertyPath: Speed
      value: 25
      objectReference: {fileID: 0}
    - target: {fileID: 0}
      propertyPath: Damage
      value: 3
      objectReference: {fileID: 0}
    - target: {fileID: 0}
      propertyPath: VolleyDelay
      value: 0
      objectReference: {fileID: 0}
    - target: {fileID: 0}
      propertyPath: ReloadDelay
      value: 0.1
      objectReference: {fileID: 0}
    - target: {fileID: 0}
      propertyPath: Tier
      value: 4
      objectReference: {fileID: 0}
    - target: {fileID: 0}
      propertyPath: ModuleName
      value: Repeater
      objectReference: {fileID: 0}
    - target: {fileID: 0}
      propertyPath: fireSound
      value: 
      objectReference: {fileID: 8300000, guid: 8ec2328ebfe133d428b92ad1c7161bbc, type: 3}
    - target: {fileID: 0}
      propertyPath: rotateWhileButtonDown
      value: 0
      objectReference: {fileID: 0}
    - target: {fileID: 0}
      propertyPath: maxSpeed
      value: 200
      objectReference: {fileID: 0}
    m_RemovedComponents: []
  m_ParentPrefab: {fileID: 0}
  m_RootGameObject: {fileID: 130994}
  m_IsPrefabParent: 1
