%YAML 1.1
%TAG !u! tag:unity3d.com,2011:
--- !u!1 &112150
GameObject:
  m_ObjectHideFlags: 0
  m_PrefabParentObject: {fileID: 0}
  m_PrefabInternal: {fileID: 100100000}
  serializedVersion: 4
  m_Component:
  - 224: {fileID: 22457348}
  - 114: {fileID: 11484520}
  - 114: {fileID: 11468952}
  - 114: {fileID: 11422422}
  m_Layer: 5
  m_Name: t-recharge4
  m_TagString: Untagged
  m_Icon: {fileID: 0}
  m_NavMeshLayer: 0
  m_StaticEditorFlags: 0
  m_IsActive: 1
--- !u!114 &11422422
MonoBehaviour:
  m_ObjectHideFlags: 1
  m_PrefabParentObject: {fileID: 0}
  m_PrefabInternal: {fileID: 100100000}
  m_GameObject: {fileID: 112150}
  m_Enabled: 1
  m_EditorHideFlags: 0
  m_Script: {fileID: 11500000, guid: def0f2e675004924686f196632c09525, type: 3}
  m_Name: 
  m_EditorClassIdentifier: 
  speed:
    StatName: Speed x
    _baseValue: 0
    DisplayDecimal: 1
  health:
    StatName: Health x
    _baseValue: 0
    DisplayDecimal: 1
  repair:
    StatName: Repair x
    _baseValue: 0
    DisplayDecimal: 1
  energy:
    StatName: Energy x
    _baseValue: 0
    DisplayDecimal: 1
  recharge:
    StatName: Recharge x
    _baseValue: 0
    DisplayDecimal: 1
  damage:
    StatName: Damage x
    _baseValue: 0
    DisplayDecimal: 1
  rof:
    StatName: Rate of Fire x
    _baseValue: 0
    DisplayDecimal: 1
--- !u!114 &11468952
MonoBehaviour:
  m_ObjectHideFlags: 1
  m_PrefabParentObject: {fileID: 0}
  m_PrefabInternal: {fileID: 100100000}
  m_GameObject: {fileID: 112150}
  m_Enabled: 1
  m_EditorHideFlags: 0
  m_Script: {fileID: 11500000, guid: def0f2e675004924686f196632c09525, type: 3}
  m_Name: 
  m_EditorClassIdentifier: 
  speed:
    StatName: Speed +
    _baseValue: 0
    DisplayDecimal: 1
  health:
    StatName: Health +
    _baseValue: 0
    DisplayDecimal: 0
  repair:
    StatName: Repair +
    _baseValue: 0
    DisplayDecimal: 1
  energy:
    StatName: Energy +
    _baseValue: 0
    DisplayDecimal: 0
  recharge:
    StatName: Recharge +
    _baseValue: 2
    DisplayDecimal: 1
  damage:
    StatName: Damage +
    _baseValue: 0
    DisplayDecimal: 0
  rof:
    StatName: Rate of Fire +
    _baseValue: 0
    DisplayDecimal: 1
--- !u!114 &11484520
MonoBehaviour:
  m_ObjectHideFlags: 1
  m_PrefabParentObject: {fileID: 0}
  m_PrefabInternal: {fileID: 100100000}
  m_GameObject: {fileID: 112150}
  m_Enabled: 1
  m_EditorHideFlags: 0
  m_Script: {fileID: 11500000, guid: ab1bc3be391953447b4ede2df1ce9ba3, type: 3}
  m_Name: 
  m_EditorClassIdentifier: 
  type: 2
  Tier: 4
  ModuleName: Phase-shifted Generator
  Description: 
  Icon: {fileID: 0}
  TechTree: 
  AdditiveStats: {fileID: 11468952}
  MultiplicitiveStats: {fileID: 11422422}
--- !u!224 &22457348
RectTransform:
  m_ObjectHideFlags: 1
  m_PrefabParentObject: {fileID: 0}
  m_PrefabInternal: {fileID: 100100000}
  m_GameObject: {fileID: 112150}
  m_LocalRotation: {x: 0, y: 0, z: 0, w: 1}
  m_LocalPosition: {x: 0, y: 0, z: 0}
  m_LocalScale: {x: 1, y: 1, z: 1}
  m_Children: []
  m_Father: {fileID: 0}
  m_RootOrder: 0
  m_AnchorMin: {x: 0.5, y: 0.5}
  m_AnchorMax: {x: 0.5, y: 0.5}
  m_AnchoredPosition: {x: 355.5, y: 200}
  m_SizeDelta: {x: 100, y: 100}
  m_Pivot: {x: 0.5, y: 0.5}
--- !u!1001 &100100000
Prefab:
  m_ObjectHideFlags: 1
  serializedVersion: 2
  m_Modification:
    m_TransformParent: {fileID: 0}
    m_Modifications: []
    m_RemovedComponents: []
  m_ParentPrefab: {fileID: 0}
  m_RootGameObject: {fileID: 112150}
  m_IsPrefabParent: 1
